<?xml version="1.0" encoding="UTF-8"?><collection xmlns="http://www.loc.gov/MARC21/slim"><record><leader>00484nam--2200157-i-4500</leader><controlfield tag="001">000015954</controlfield><controlfield tag="002">20161230</controlfield><controlfield tag="005">20170306144124</controlfield><controlfield tag="008">060222s1000------------r-----000-0-rum-d</controlfield><datafield ind1=" " ind2=" " tag="040"><subfield code="a">IFIN -HH</subfield></datafield><datafield ind1="1" ind2=" " tag="100"><subfield code="a">Carstoiu, Florin Corneliu</subfield></datafield><datafield ind1="1" ind2="0" tag="245"><subfield code="a">Studiul potentialelor nucleare folosite iin im prastierea ionilor grei. teza</subfield></datafield><datafield ind1=" " ind2=" " tag="260"><subfield code="a">Bucuresti, Institutul De Fizica si Inginerie Nucleara, 1987</subfield></datafield><datafield ind1="0" ind2=" " tag="490"><subfield code="a">150 P</subfield></datafield><datafield ind1=" " ind2=" " tag="852"><subfield code="a">74305</subfield><subfield code="b">539.172.17(043)</subfield></datafield><datafield ind1=" " ind2=" " tag="CAT"><subfield code="a">SYS</subfield><subfield code="c">20170306</subfield><subfield code="h">144124</subfield></datafield></record></collection>